<?xml version="1.0" encoding="UTF-8"?><collection xmlns="http://www.loc.gov/MARC21/slim"><record><leader>00371nam--2200121-i-4500</leader><controlfield tag="001">000027249</controlfield><controlfield tag="002">20161230</controlfield><controlfield tag="005">20161230201036</controlfield><controlfield tag="008">060222s1000------------r-----000-0-eng-d</controlfield><datafield ind1=" " ind2=" " tag="100"><subfield code="a">Krabbe, Ulrik</subfield></datafield><datafield ind1=" " ind2=" " tag="245"><subfield code="a">The traductor amplifier. its manner of action and comments on its use for automatic regulation</subfield></datafield><datafield ind1=" " ind2=" " tag="260"><subfield code="a">Orebro, Lindhska Boktryckeriet, 1947, 176p</subfield></datafield><datafield ind1=" " ind2=" " tag="852"><subfield code="a">10166</subfield></datafield></record></collection>